%YAML 1.1
%TAG !u! tag:unity3d.com,2011:
--- !u!29 &1
OcclusionCullingSettings:
  m_ObjectHideFlags: 0
  serializedVersion: 2
  m_OcclusionBakeSettings:
    smallestOccluder: 5
    smallestHole: 0.25
    backfaceThreshold: 100
  m_SceneGUID: 00000000000000000000000000000000
  m_OcclusionCullingData: {fileID: 0}
--- !u!104 &2
RenderSettings:
  m_ObjectHideFlags: 0
  serializedVersion: 9
  m_Fog: 0
  m_FogColor: {r: 0.5, g: 0.5, b: 0.5, a: 1}
  m_FogMode: 3
  m_FogDensity: 0.01
  m_LinearFogStart: 0
  m_LinearFogEnd: 300
  m_AmbientSkyColor: {r: 0.212, g: 0.227, b: 0.259, a: 1}
  m_AmbientEquatorColor: {r: 0.114, g: 0.125, b: 0.133, a: 1}
  m_AmbientGroundColor: {r: 0.047, g: 0.043, b: 0.035, a: 1}
  m_AmbientIntensity: 2.4
  m_AmbientMode: 0
  m_SubtractiveShadowColor: {r: 0.42, g: 0.478, b: 0.627, a: 1}
  m_SkyboxMaterial: {fileID: 2100000, guid: 72deae4d18418f94688abef8e8483df0, type: 2}
  m_HaloStrength: 0.5
  m_FlareStrength: 1
  m_FlareFadeSpeed: 3
  m_HaloTexture: {fileID: 0}
  m_SpotCookie: {fileID: 10001, guid: 0000000000000000e000000000000000, type: 0}
  m_DefaultReflectionMode: 0
  m_DefaultReflectionResolution: 256
  m_ReflectionBounces: 3
  m_ReflectionIntensity: 1
  m_CustomReflection: {fileID: 0}
  m_Sun: {fileID: 0}
  m_IndirectSpecularColor: {r: 0, g: 0, b: 0, a: 1}
  m_UseRadianceAmbientProbe: 0
--- !u!157 &3
LightmapSettings:
  m_ObjectHideFlags: 0
  serializedVersion: 11
  m_GIWorkflowMode: 0
  m_GISettings:
    serializedVersion: 2
    m_BounceScale: 1
    m_IndirectOutputScale: 1
    m_AlbedoBoost: 1
    m_TemporalCoherenceThreshold: 1
    m_EnvironmentLightingMode: 0
    m_EnableBakedLightmaps: 1
    m_EnableRealtimeLightmaps: 1
  m_LightmapEditorSettings:
    serializedVersion: 10
    m_Resolution: 2
    m_BakeResolution: 40
    m_AtlasSize: 512
    m_AO: 1
    m_AOMaxDistance: 1
    m_CompAOExponent: 1
    m_CompAOExponentDirect: 0
    m_Padding: 2
    m_LightmapParameters: {fileID: 0}
    m_LightmapsBakeMode: 1
    m_TextureCompression: 1
    m_FinalGather: 0
    m_FinalGatherFiltering: 1
    m_FinalGatherRayCount: 256
    m_ReflectionCompression: 2
    m_MixedBakeMode: 1
    m_BakeBackend: 0
    m_PVRSampling: 1
    m_PVRDirectSampleCount: 32
    m_PVRSampleCount: 500
    m_PVRBounces: 2
    m_PVRFilterTypeDirect: 0
    m_PVRFilterTypeIndirect: 0
    m_PVRFilterTypeAO: 0
    m_PVRFilteringMode: 0
    m_PVRCulling: 1
    m_PVRFilteringGaussRadiusDirect: 1
    m_PVRFilteringGaussRadiusIndirect: 5
    m_PVRFilteringGaussRadiusAO: 2
    m_PVRFilteringAtrousPositionSigmaDirect: 0.5
    m_PVRFilteringAtrousPositionSigmaIndirect: 2
    m_PVRFilteringAtrousPositionSigmaAO: 1
    m_ShowResolutionOverlay: 1
  m_LightingDataAsset: {fileID: 0}
  m_UseShadowmask: 0
--- !u!196 &4
NavMeshSettings:
  serializedVersion: 2
  m_ObjectHideFlags: 0
  m_BuildSettings:
    serializedVersion: 2
    agentTypeID: 0
    agentRadius: 0.5
    agentHeight: 2
    agentSlope: 45
    agentClimb: 0.4
    ledgeDropHeight: 0
    maxJumpAcrossDistance: 0
    minRegionArea: 2
    manualCellSize: 0
    cellSize: 0.16666667
    manualTileSize: 0
    tileSize: 256
    accuratePlacement: 0
    debug:
      m_Flags: 0
  m_NavMeshData: {fileID: 0}
--- !u!1 &260275601
GameObject:
  m_ObjectHideFlags: 0
  m_PrefabParentObject: {fileID: 1425739068514518, guid: 88c20de6c1dc0f04abeaffaac0a9a6cf,
    type: 2}
  m_PrefabInternal: {fileID: 1980884457}
  serializedVersion: 5
  m_Component:
  - component: {fileID: 260275602}
  - component: {fileID: 260275603}
  m_Layer: 0
  m_Name: Reflection Probe
  m_TagString: Untagged
  m_Icon: {fileID: 0}
  m_NavMeshLayer: 0
  m_StaticEditorFlags: 0
  m_IsActive: 1
--- !u!4 &260275602
Transform:
  m_ObjectHideFlags: 0
  m_PrefabParentObject: {fileID: 4123922415482610, guid: 88c20de6c1dc0f04abeaffaac0a9a6cf,
    type: 2}
  m_PrefabInternal: {fileID: 1980884457}
  m_GameObject: {fileID: 260275601}
  m_LocalRotation: {x: -0, y: -0, z: -0, w: 1}
  m_LocalPosition: {x: 0, y: 0.06317496, z: 0}
  m_LocalScale: {x: 1, y: 1, z: 1}
  m_Children: []
  m_Father: {fileID: 2051627620}
  m_RootOrder: 0
  m_LocalEulerAnglesHint: {x: 0, y: 0, z: 0}
--- !u!215 &260275603
ReflectionProbe:
  m_ObjectHideFlags: 0
  m_PrefabParentObject: {fileID: 215273260888228516, guid: 88c20de6c1dc0f04abeaffaac0a9a6cf,
    type: 2}
  m_PrefabInternal: {fileID: 1980884457}
  m_GameObject: {fileID: 260275601}
  m_Enabled: 1
  serializedVersion: 2
  m_Type: 0
  m_Mode: 1
  m_RefreshMode: 0
  m_TimeSlicingMode: 0
  m_Resolution: 512
  m_UpdateFrequency: 0
  m_BoxSize: {x: 2.1821249, y: 2.8331733, z: 2.4755678}
  m_BoxOffset: {x: -0.06899154, y: 0.07383835, z: -0.23206663}
  m_NearClip: 0.3
  m_FarClip: 1000
  m_ShadowDistance: 100
  m_ClearFlags: 1
  m_BackGroundColor: {r: 0.19215687, g: 0.3019608, b: 0.4745098, a: 0}
  m_CullingMask:
    serializedVersion: 2
    m_Bits: 4294967039
  m_IntensityMultiplier: 1
  m_BlendDistance: 1
  m_HDR: 1
  m_BoxProjection: 0
  m_RenderDynamicObjects: 1
  m_UseOcclusionCulling: 1
  m_Importance: 1
  m_CustomBakedTexture: {fileID: 0}
--- !u!1 &325993853
GameObject:
  m_ObjectHideFlags: 0
  m_PrefabParentObject: {fileID: 1653700269310046, guid: 88c20de6c1dc0f04abeaffaac0a9a6cf,
    type: 2}
  m_PrefabInternal: {fileID: 1980884457}
  serializedVersion: 5
  m_Component:
  - component: {fileID: 325993854}
  - component: {fileID: 325993855}
  m_Layer: 0
  m_Name: Reflection Probe (1)
  m_TagString: Untagged
  m_Icon: {fileID: 0}
  m_NavMeshLayer: 0
  m_StaticEditorFlags: 0
  m_IsActive: 1
--- !u!4 &325993854
Transform:
  m_ObjectHideFlags: 0
  m_PrefabParentObject: {fileID: 4337315262327390, guid: 88c20de6c1dc0f04abeaffaac0a9a6cf,
    type: 2}
  m_PrefabInternal: {fileID: 1980884457}
  m_GameObject: {fileID: 325993853}
  m_LocalRotation: {x: -0, y: -0, z: -0, w: 1}
  m_LocalPosition: {x: 0, y: -0.020097733, z: 0}
  m_LocalScale: {x: 1, y: 1, z: 1}
  m_Children: []
  m_Father: {fileID: 713225327}
  m_RootOrder: 1
  m_LocalEulerAnglesHint: {x: 0, y: 0, z: 0}
--- !u!215 &325993855
ReflectionProbe:
  m_ObjectHideFlags: 0
  m_PrefabParentObject: {fileID: 215428470545105882, guid: 88c20de6c1dc0f04abeaffaac0a9a6cf,
    type: 2}
  m_PrefabInternal: {fileID: 1980884457}
  m_GameObject: {fileID: 325993853}
  m_Enabled: 1
  serializedVersion: 2
  m_Type: 0
  m_Mode: 1
  m_RefreshMode: 0
  m_TimeSlicingMode: 0
  m_Resolution: 512
  m_UpdateFrequency: 0
  m_BoxSize: {x: 2.7702398, y: 2.8331733, z: 2.3436346}
  m_BoxOffset: {x: -0.16893959, y: 0.16882706, z: -0.15531254}
  m_NearClip: 0.3
  m_FarClip: 1000
  m_ShadowDistance: 100
  m_ClearFlags: 1
  m_BackGroundColor: {r: 0.19215687, g: 0.3019608, b: 0.4745098, a: 0}
  m_CullingMask:
    serializedVersion: 2
    m_Bits: 4294966783
  m_IntensityMultiplier: 1
  m_BlendDistance: 1
  m_HDR: 1
  m_BoxProjection: 0
  m_RenderDynamicObjects: 1
  m_UseOcclusionCulling: 1
  m_Importance: 1
  m_CustomBakedTexture: {fileID: 0}
--- !u!1 &505169836
GameObject:
  m_ObjectHideFlags: 0
  m_PrefabParentObject: {fileID: 1355006576138142, guid: 88c20de6c1dc0f04abeaffaac0a9a6cf,
    type: 2}
  m_PrefabInternal: {fileID: 1980884457}
  serializedVersion: 5
  m_Component:
  - component: {fileID: 505169837}
  - component: {fileID: 505169840}
  - component: {fileID: 505169839}
  - component: {fileID: 505169838}
  m_Layer: 10
  m_Name: Cube
  m_TagString: Untagged
  m_Icon: {fileID: 0}
  m_NavMeshLayer: 0
  m_StaticEditorFlags: 4294967295
  m_IsActive: 1
--- !u!4 &505169837
Transform:
  m_ObjectHideFlags: 0
  m_PrefabParentObject: {fileID: 4617857512883566, guid: 88c20de6c1dc0f04abeaffaac0a9a6cf,
    type: 2}
  m_PrefabInternal: {fileID: 1980884457}
  m_GameObject: {fileID: 505169836}
  m_LocalRotation: {x: -0, y: -0, z: -0, w: 1}
  m_LocalPosition: {x: 0, y: -0.70000005, z: 0}
  m_LocalScale: {x: 1, y: 1, z: 1}
  m_Children: []
  m_Father: {fileID: 1155530804}
  m_RootOrder: 1
  m_LocalEulerAnglesHint: {x: 0, y: 0, z: 0}
--- !u!23 &505169838
MeshRenderer:
  m_ObjectHideFlags: 0
  m_PrefabParentObject: {fileID: 23684612604043742, guid: 88c20de6c1dc0f04abeaffaac0a9a6cf,
    type: 2}
  m_PrefabInternal: {fileID: 1980884457}
  m_GameObject: {fileID: 505169836}
  m_Enabled: 1
  m_CastShadows: 1
  m_ReceiveShadows: 1
  m_DynamicOccludee: 1
  m_MotionVectors: 1
  m_LightProbeUsage: 1
  m_ReflectionProbeUsage: 2
  m_RenderingLayerMask: 4294967295
  m_Materials:
  - {fileID: 2100000, guid: 964f6a34e2240bf45940918b112ce7be, type: 2}
  m_StaticBatchInfo:
    firstSubMesh: 0
    subMeshCount: 0
  m_StaticBatchRoot: {fileID: 0}
  m_ProbeAnchor: {fileID: 0}
  m_LightProbeVolumeOverride: {fileID: 0}
  m_ScaleInLightmap: 1
  m_PreserveUVs: 1
  m_IgnoreNormalsForChartDetection: 0
  m_ImportantGI: 0
  m_StitchLightmapSeams: 0
  m_SelectedEditorRenderState: 3
  m_MinimumChartSize: 4
  m_AutoUVMaxDistance: 0.5
  m_AutoUVMaxAngle: 89
  m_LightmapParameters: {fileID: 0}
  m_SortingLayerID: 0
  m_SortingLayer: 0
  m_SortingOrder: 0
--- !u!65 &505169839
BoxCollider:
  m_ObjectHideFlags: 0
  m_PrefabParentObject: {fileID: 65838407286517214, guid: 88c20de6c1dc0f04abeaffaac0a9a6cf,
    type: 2}
  m_PrefabInternal: {fileID: 1980884457}
  m_GameObject: {fileID: 505169836}
  m_Material: {fileID: 0}
  m_IsTrigger: 0
  m_Enabled: 1
  serializedVersion: 2
  m_Size: {x: 1, y: 1, z: 1}
  m_Center: {x: 0, y: 0, z: 0}
--- !u!33 &505169840
MeshFilter:
  m_ObjectHideFlags: 0
  m_PrefabParentObject: {fileID: 33725590161859174, guid: 88c20de6c1dc0f04abeaffaac0a9a6cf,
    type: 2}
  m_PrefabInternal: {fileID: 1980884457}
  m_GameObject: {fileID: 505169836}
  m_Mesh: {fileID: 10202, guid: 0000000000000000e000000000000000, type: 0}
--- !u!1 &709083610
GameObject:
  m_ObjectHideFlags: 0
  m_PrefabParentObject: {fileID: 1034026176227000, guid: 88c20de6c1dc0f04abeaffaac0a9a6cf,
    type: 2}
  m_PrefabInternal: {fileID: 1980884457}
  serializedVersion: 5
  m_Component:
  - component: {fileID: 709083611}
  m_Layer: 0
  m_Name: DemoObjects
  m_TagString: Untagged
  m_Icon: {fileID: 0}
  m_NavMeshLayer: 0
  m_StaticEditorFlags: 0
  m_IsActive: 1
--- !u!4 &709083611
Transform:
  m_ObjectHideFlags: 0
  m_PrefabParentObject: {fileID: 4934344442018756, guid: 88c20de6c1dc0f04abeaffaac0a9a6cf,
    type: 2}
  m_PrefabInternal: {fileID: 1980884457}
  m_GameObject: {fileID: 709083610}
  m_LocalRotation: {x: 0, y: 0, z: 0, w: 1}
  m_LocalPosition: {x: 0, y: 0, z: 0}
  m_LocalScale: {x: 1, y: 1, z: 1}
  m_Children:
  - {fileID: 2051627620}
  - {fileID: 713225327}
  - {fileID: 1155530804}
  - {fileID: 721401047}
  - {fileID: 1289683205}
  - {fileID: 1276237325}
  m_Father: {fileID: 0}
  m_RootOrder: 1
  m_LocalEulerAnglesHint: {x: 0, y: 0, z: 0}
--- !u!1 &713225326
GameObject:
  m_ObjectHideFlags: 0
  m_PrefabParentObject: {fileID: 1781536671759404, guid: 88c20de6c1dc0f04abeaffaac0a9a6cf,
    type: 2}
  m_PrefabInternal: {fileID: 1980884457}
  serializedVersion: 5
  m_Component:
  - component: {fileID: 713225327}
  - component: {fileID: 713225330}
  - component: {fileID: 713225329}
  - component: {fileID: 713225328}
  m_Layer: 9
  m_Name: Sphere 8/10
  m_TagString: Untagged
  m_Icon: {fileID: 0}
  m_NavMeshLayer: 0
  m_StaticEditorFlags: 4294967295
  m_IsActive: 1
--- !u!4 &713225327
Transform:
  m_ObjectHideFlags: 0
  m_PrefabParentObject: {fileID: 4352419248395864, guid: 88c20de6c1dc0f04abeaffaac0a9a6cf,
    type: 2}
  m_PrefabInternal: {fileID: 1980884457}
  m_GameObject: {fileID: 713225326}
  m_LocalRotation: {x: -0, y: -0, z: -0, w: 1}
  m_LocalPosition: {x: -3, y: 1.2, z: 0}
  m_LocalScale: {x: 1, y: 1, z: 1}
  m_Children:
  - {fileID: 1874018716}
  - {fileID: 325993854}
  m_Father: {fileID: 709083611}
  m_RootOrder: 1
  m_LocalEulerAnglesHint: {x: 0, y: 0, z: 0}
--- !u!23 &713225328
MeshRenderer:
  m_ObjectHideFlags: 0
  m_PrefabParentObject: {fileID: 23824224364445998, guid: 88c20de6c1dc0f04abeaffaac0a9a6cf,
    type: 2}
  m_PrefabInternal: {fileID: 1980884457}
  m_GameObject: {fileID: 713225326}
  m_Enabled: 1
  m_CastShadows: 1
  m_ReceiveShadows: 1
  m_DynamicOccludee: 1
  m_MotionVectors: 1
  m_LightProbeUsage: 1
  m_ReflectionProbeUsage: 2
  m_RenderingLayerMask: 4294967295
  m_Materials:
  - {fileID: 2100000, guid: abcc3c67b7d0a794f8bb91be4e85abdd, type: 2}
  m_StaticBatchInfo:
    firstSubMesh: 0
    subMeshCount: 0
  m_StaticBatchRoot: {fileID: 0}
  m_ProbeAnchor: {fileID: 0}
  m_LightProbeVolumeOverride: {fileID: 0}
  m_ScaleInLightmap: 1
  m_PreserveUVs: 1
  m_IgnoreNormalsForChartDetection: 0
  m_ImportantGI: 0
  m_StitchLightmapSeams: 0
  m_SelectedEditorRenderState: 3
  m_MinimumChartSize: 4
  m_AutoUVMaxDistance: 0.5
  m_AutoUVMaxAngle: 89
  m_LightmapParameters: {fileID: 0}
  m_SortingLayerID: 0
  m_SortingLayer: 0
  m_SortingOrder: 0
--- !u!135 &713225329
SphereCollider:
  m_ObjectHideFlags: 0
  m_PrefabParentObject: {fileID: 135739201101128418, guid: 88c20de6c1dc0f04abeaffaac0a9a6cf,
    type: 2}
  m_PrefabInternal: {fileID: 1980884457}
  m_GameObject: {fileID: 713225326}
  m_Material: {fileID: 0}
  m_IsTrigger: 0
  m_Enabled: 1
  serializedVersion: 2
  m_Radius: 0.5
  m_Center: {x: 0, y: 0, z: 0}
--- !u!33 &713225330
MeshFilter:
  m_ObjectHideFlags: 0
  m_PrefabParentObject: {fileID: 33338442592528420, guid: 88c20de6c1dc0f04abeaffaac0a9a6cf,
    type: 2}
  m_PrefabInternal: {fileID: 1980884457}
  m_GameObject: {fileID: 713225326}
  m_Mesh: {fileID: 10207, guid: 0000000000000000e000000000000000, type: 0}
--- !u!1 &721401046
GameObject:
  m_ObjectHideFlags: 0
  m_PrefabParentObject: {fileID: 1819929351950984, guid: 88c20de6c1dc0f04abeaffaac0a9a6cf,
    type: 2}
  m_PrefabInternal: {fileID: 1980884457}
  serializedVersion: 5
  m_Component:
  - component: {fileID: 721401047}
  - component: {fileID: 721401050}
  - component: {fileID: 721401049}
  - component: {fileID: 721401048}
  m_Layer: 11
  m_Name: Sphere 4/10
  m_TagString: Untagged
  m_Icon: {fileID: 0}
  m_NavMeshLayer: 0
  m_StaticEditorFlags: 4294967295
  m_IsActive: 1
--- !u!4 &721401047
Transform:
  m_ObjectHideFlags: 0
  m_PrefabParentObject: {fileID: 4021456742739614, guid: 88c20de6c1dc0f04abeaffaac0a9a6cf,
    type: 2}
  m_PrefabInternal: {fileID: 1980884457}
  m_GameObject: {fileID: 721401046}
  m_LocalRotation: {x: -0, y: -0, z: -0, w: 1}
  m_LocalPosition: {x: 3, y: 1.2, z: 0}
  m_LocalScale: {x: 1, y: 1, z: 1}
  m_Children:
  - {fileID: 986008827}
  - {fileID: 2024162389}
  m_Father: {fileID: 709083611}
  m_RootOrder: 3
  m_LocalEulerAnglesHint: {x: 0, y: 0, z: 0}
--- !u!23 &721401048
MeshRenderer:
  m_ObjectHideFlags: 0
  m_PrefabParentObject: {fileID: 23117798575693392, guid: 88c20de6c1dc0f04abeaffaac0a9a6cf,
    type: 2}
  m_PrefabInternal: {fileID: 1980884457}
  m_GameObject: {fileID: 721401046}
  m_Enabled: 1
  m_CastShadows: 1
  m_ReceiveShadows: 1
  m_DynamicOccludee: 1
  m_MotionVectors: 1
  m_LightProbeUsage: 1
  m_ReflectionProbeUsage: 1
  m_RenderingLayerMask: 4294967295
  m_Materials:
  - {fileID: 2100000, guid: eb10b6f571322b443bec8c532c088270, type: 2}
  m_StaticBatchInfo:
    firstSubMesh: 0
    subMeshCount: 0
  m_StaticBatchRoot: {fileID: 0}
  m_ProbeAnchor: {fileID: 0}
  m_LightProbeVolumeOverride: {fileID: 0}
  m_ScaleInLightmap: 1
  m_PreserveUVs: 1
  m_IgnoreNormalsForChartDetection: 0
  m_ImportantGI: 0
  m_StitchLightmapSeams: 0
  m_SelectedEditorRenderState: 3
  m_MinimumChartSize: 4
  m_AutoUVMaxDistance: 0.5
  m_AutoUVMaxAngle: 89
  m_LightmapParameters: {fileID: 0}
  m_SortingLayerID: 0
  m_SortingLayer: 0
  m_SortingOrder: 0
--- !u!135 &721401049
SphereCollider:
  m_ObjectHideFlags: 0
  m_PrefabParentObject: {fileID: 135371467963733446, guid: 88c20de6c1dc0f04abeaffaac0a9a6cf,
    type: 2}
  m_PrefabInternal: {fileID: 1980884457}
  m_GameObject: {fileID: 721401046}
  m_Material: {fileID: 0}
  m_IsTrigger: 0
  m_Enabled: 1
  serializedVersion: 2
  m_Radius: 0.5
  m_Center: {x: 0, y: 0, z: 0}
--- !u!33 &721401050
MeshFilter:
  m_ObjectHideFlags: 0
  m_PrefabParentObject: {fileID: 33890392107062636, guid: 88c20de6c1dc0f04abeaffaac0a9a6cf,
    type: 2}
  m_PrefabInternal: {fileID: 1980884457}
  m_GameObject: {fileID: 721401046}
  m_Mesh: {fileID: 10207, guid: 0000000000000000e000000000000000, type: 0}
--- !u!1 &784850337
GameObject:
  m_ObjectHideFlags: 0
  m_PrefabParentObject: {fileID: 1810280545766114, guid: 88c20de6c1dc0f04abeaffaac0a9a6cf,
    type: 2}
  m_PrefabInternal: {fileID: 1980884457}
  serializedVersion: 5
  m_Component:
  - component: {fileID: 784850338}
  - component: {fileID: 784850341}
  - component: {fileID: 784850340}
  - component: {fileID: 784850339}
  m_Layer: 12
  m_Name: Cube
  m_TagString: Untagged
  m_Icon: {fileID: 0}
  m_NavMeshLayer: 0
  m_StaticEditorFlags: 4294967295
  m_IsActive: 1
--- !u!4 &784850338
Transform:
  m_ObjectHideFlags: 0
  m_PrefabParentObject: {fileID: 4628340601042456, guid: 88c20de6c1dc0f04abeaffaac0a9a6cf,
    type: 2}
  m_PrefabInternal: {fileID: 1980884457}
  m_GameObject: {fileID: 784850337}
  m_LocalRotation: {x: -0, y: -0, z: -0, w: 1}
  m_LocalPosition: {x: 0, y: -0.70000005, z: 0}
  m_LocalScale: {x: 1, y: 1, z: 1}
  m_Children: []
  m_Father: {fileID: 1289683205}
  m_RootOrder: 0
  m_LocalEulerAnglesHint: {x: 0, y: 0, z: 0}
--- !u!23 &784850339
MeshRenderer:
  m_ObjectHideFlags: 0
  m_PrefabParentObject: {fileID: 23006185736301576, guid: 88c20de6c1dc0f04abeaffaac0a9a6cf,
    type: 2}
  m_PrefabInternal: {fileID: 1980884457}
  m_GameObject: {fileID: 784850337}
  m_Enabled: 1
  m_CastShadows: 1
  m_ReceiveShadows: 1
  m_DynamicOccludee: 1
  m_MotionVectors: 1
  m_LightProbeUsage: 1
  m_ReflectionProbeUsage: 2
  m_RenderingLayerMask: 4294967295
  m_Materials:
  - {fileID: 2100000, guid: db3bceb128d32144ca6fd4550ac256bc, type: 2}
  m_StaticBatchInfo:
    firstSubMesh: 0
    subMeshCount: 0
  m_StaticBatchRoot: {fileID: 0}
  m_ProbeAnchor: {fileID: 0}
  m_LightProbeVolumeOverride: {fileID: 0}
  m_ScaleInLightmap: 1
  m_PreserveUVs: 1
  m_IgnoreNormalsForChartDetection: 0
  m_ImportantGI: 0
  m_StitchLightmapSeams: 0
  m_SelectedEditorRenderState: 3
  m_MinimumChartSize: 4
  m_AutoUVMaxDistance: 0.5
  m_AutoUVMaxAngle: 89
  m_LightmapParameters: {fileID: 0}
  m_SortingLayerID: 0
  m_SortingLayer: 0
  m_SortingOrder: 0
--- !u!65 &784850340
BoxCollider:
  m_ObjectHideFlags: 0
  m_PrefabParentObject: {fileID: 65562705914139494, guid: 88c20de6c1dc0f04abeaffaac0a9a6cf,
    type: 2}
  m_PrefabInternal: {fileID: 1980884457}
  m_GameObject: {fileID: 784850337}
  m_Material: {fileID: 0}
  m_IsTrigger: 0
  m_Enabled: 1
  serializedVersion: 2
  m_Size: {x: 1, y: 1, z: 1}
  m_Center: {x: 0, y: 0, z: 0}
--- !u!33 &784850341
MeshFilter:
  m_ObjectHideFlags: 0
  m_PrefabParentObject: {fileID: 33193202093693560, guid: 88c20de6c1dc0f04abeaffaac0a9a6cf,
    type: 2}
  m_PrefabInternal: {fileID: 1980884457}
  m_GameObject: {fileID: 784850337}
  m_Mesh: {fileID: 10202, guid: 0000000000000000e000000000000000, type: 0}
--- !u!1 &843331567
GameObject:
  m_ObjectHideFlags: 0
  m_PrefabParentObject: {fileID: 0}
  m_PrefabInternal: {fileID: 0}
  serializedVersion: 5
  m_Component:
  - component: {fileID: 843331572}
  - component: {fileID: 843331571}
  - component: {fileID: 843331570}
  - component: {fileID: 843331569}
  - component: {fileID: 843331568}
  m_Layer: 0
  m_Name: Main Camera
  m_TagString: MainCamera
  m_Icon: {fileID: 0}
  m_NavMeshLayer: 0
  m_StaticEditorFlags: 0
  m_IsActive: 1
--- !u!81 &843331568
AudioListener:
  m_ObjectHideFlags: 0
  m_PrefabParentObject: {fileID: 0}
  m_PrefabInternal: {fileID: 0}
  m_GameObject: {fileID: 843331567}
  m_Enabled: 1
--- !u!124 &843331569
Behaviour:
  m_ObjectHideFlags: 0
  m_PrefabParentObject: {fileID: 0}
  m_PrefabInternal: {fileID: 0}
  m_GameObject: {fileID: 843331567}
  m_Enabled: 1
--- !u!92 &843331570
Behaviour:
  m_ObjectHideFlags: 0
  m_PrefabParentObject: {fileID: 0}
  m_PrefabInternal: {fileID: 0}
  m_GameObject: {fileID: 843331567}
  m_Enabled: 1
--- !u!20 &843331571
Camera:
  m_ObjectHideFlags: 0
  m_PrefabParentObject: {fileID: 0}
  m_PrefabInternal: {fileID: 0}
  m_GameObject: {fileID: 843331567}
  m_Enabled: 1
  serializedVersion: 2
  m_ClearFlags: 1
  m_BackGroundColor: {r: 0.19215687, g: 0.3019608, b: 0.4745098, a: 0}
  m_NormalizedViewPortRect:
    serializedVersion: 2
    x: 0
    y: 0
    width: 1
    height: 1
  near clip plane: 0.3
  far clip plane: 1000
  field of view: 60
  orthographic: 0
  orthographic size: 5
  m_Depth: -1
  m_CullingMask:
    serializedVersion: 2
    m_Bits: 4294967295
  m_RenderingPath: -1
  m_TargetTexture: {fileID: 0}
  m_TargetDisplay: 0
  m_TargetEye: 3
  m_HDR: 1
  m_AllowMSAA: 1
  m_AllowDynamicResolution: 0
  m_ForceIntoRT: 0
  m_OcclusionCulling: 1
  m_StereoConvergence: 10
  m_StereoSeparation: 0.022
--- !u!4 &843331572
Transform:
  m_ObjectHideFlags: 0
  m_PrefabParentObject: {fileID: 0}
  m_PrefabInternal: {fileID: 0}
  m_GameObject: {fileID: 843331567}
  m_LocalRotation: {x: 0.030260773, y: 0.9049638, z: -0.08582491, w: 0.41564277}
  m_LocalPosition: {x: -5.723, y: 2.336, z: 4.773}
  m_LocalScale: {x: 1, y: 1, z: 1}
  m_Children: []
  m_Father: {fileID: 0}
  m_RootOrder: 0
  m_LocalEulerAnglesHint: {x: 10.398001, y: 130.574, z: -0.966}
--- !u!1 &986008826
GameObject:
  m_ObjectHideFlags: 0
  m_PrefabParentObject: {fileID: 1858630756550008, guid: 88c20de6c1dc0f04abeaffaac0a9a6cf,
    type: 2}
  m_PrefabInternal: {fileID: 1980884457}
  serializedVersion: 5
  m_Component:
  - component: {fileID: 986008827}
  - component: {fileID: 986008828}
  m_Layer: 0
  m_Name: Reflection Probe
  m_TagString: Untagged
  m_Icon: {fileID: 0}
  m_NavMeshLayer: 0
  m_StaticEditorFlags: 0
  m_IsActive: 0
--- !u!4 &986008827
Transform:
  m_ObjectHideFlags: 0
  m_PrefabParentObject: {fileID: 4269806774681954, guid: 88c20de6c1dc0f04abeaffaac0a9a6cf,
    type: 2}
  m_PrefabInternal: {fileID: 1980884457}
  m_GameObject: {fileID: 986008826}
  m_LocalRotation: {x: -0, y: -0, z: -0, w: 1}
  m_LocalPosition: {x: -0.01, y: 0.06317496, z: 0.012}
  m_LocalScale: {x: 1, y: 1, z: 1}
  m_Children: []
  m_Father: {fileID: 721401047}
  m_RootOrder: 0
  m_LocalEulerAnglesHint: {x: 0, y: 0, z: 0}
--- !u!215 &986008828
ReflectionProbe:
  m_ObjectHideFlags: 0
  m_PrefabParentObject: {fileID: 215772291181534534, guid: 88c20de6c1dc0f04abeaffaac0a9a6cf,
    type: 2}
  m_PrefabInternal: {fileID: 1980884457}
  m_GameObject: {fileID: 986008826}
  m_Enabled: 0
  serializedVersion: 2
  m_Type: 0
  m_Mode: 1
  m_RefreshMode: 0
  m_TimeSlicingMode: 0
  m_Resolution: 512
  m_UpdateFrequency: 0
  m_BoxSize: {x: 2.1821249, y: 2.8331733, z: 1.9228041}
  m_BoxOffset: {x: -0.06899154, y: 0.07383835, z: -0.20782173}
  m_NearClip: 0.3
  m_FarClip: 1000
  m_ShadowDistance: 100
  m_ClearFlags: 1
  m_BackGroundColor: {r: 0.19215687, g: 0.3019608, b: 0.4745098, a: 0}
  m_CullingMask:
    serializedVersion: 2
    m_Bits: 4294965247
  m_IntensityMultiplier: 1
  m_BlendDistance: 1
  m_HDR: 1
  m_BoxProjection: 0
  m_RenderDynamicObjects: 1
  m_UseOcclusionCulling: 1
  m_Importance: 1
  m_CustomBakedTexture: {fileID: 0}
--- !u!1 &1155530803
GameObject:
  m_ObjectHideFlags: 0
  m_PrefabParentObject: {fileID: 1329241636460970, guid: 88c20de6c1dc0f04abeaffaac0a9a6cf,
    type: 2}
  m_PrefabInternal: {fileID: 1980884457}
  serializedVersion: 5
  m_Component:
  - component: {fileID: 1155530804}
  - component: {fileID: 1155530807}
  - component: {fileID: 1155530806}
  - component: {fileID: 1155530805}
  m_Layer: 10
  m_Name: Sphere 6/10
  m_TagString: Untagged
  m_Icon: {fileID: 0}
  m_NavMeshLayer: 0
  m_StaticEditorFlags: 4294967295
  m_IsActive: 1
--- !u!4 &1155530804
Transform:
  m_ObjectHideFlags: 0
  m_PrefabParentObject: {fileID: 4177331993782376, guid: 88c20de6c1dc0f04abeaffaac0a9a6cf,
    type: 2}
  m_PrefabInternal: {fileID: 1980884457}
  m_GameObject: {fileID: 1155530803}
  m_LocalRotation: {x: -0, y: -0, z: -0, w: 1}
  m_LocalPosition: {x: 0, y: 1.2, z: 3}
  m_LocalScale: {x: 1, y: 1, z: 1}
  m_Children:
  - {fileID: 1414669536}
  - {fileID: 505169837}
  m_Father: {fileID: 709083611}
  m_RootOrder: 2
  m_LocalEulerAnglesHint: {x: 0, y: 0, z: 0}
--- !u!23 &1155530805
MeshRenderer:
  m_ObjectHideFlags: 0
  m_PrefabParentObject: {fileID: 23020722786324260, guid: 88c20de6c1dc0f04abeaffaac0a9a6cf,
    type: 2}
  m_PrefabInternal: {fileID: 1980884457}
  m_GameObject: {fileID: 1155530803}
  m_Enabled: 1
  m_CastShadows: 1
  m_ReceiveShadows: 1
  m_DynamicOccludee: 1
  m_MotionVectors: 1
  m_LightProbeUsage: 1
  m_ReflectionProbeUsage: 1
  m_RenderingLayerMask: 4294967295
  m_Materials:
  - {fileID: 2100000, guid: 964f6a34e2240bf45940918b112ce7be, type: 2}
  m_StaticBatchInfo:
    firstSubMesh: 0
    subMeshCount: 0
  m_StaticBatchRoot: {fileID: 0}
  m_ProbeAnchor: {fileID: 0}
  m_LightProbeVolumeOverride: {fileID: 0}
  m_ScaleInLightmap: 1
  m_PreserveUVs: 1
  m_IgnoreNormalsForChartDetection: 0
  m_ImportantGI: 0
  m_StitchLightmapSeams: 0
  m_SelectedEditorRenderState: 3
  m_MinimumChartSize: 4
  m_AutoUVMaxDistance: 0.5
  m_AutoUVMaxAngle: 89
  m_LightmapParameters: {fileID: 0}
  m_SortingLayerID: 0
  m_SortingLayer: 0
  m_SortingOrder: 0
--- !u!135 &1155530806
SphereCollider:
  m_ObjectHideFlags: 0
  m_PrefabParentObject: {fileID: 135817325491017912, guid: 88c20de6c1dc0f04abeaffaac0a9a6cf,
    type: 2}
  m_PrefabInternal: {fileID: 1980884457}
  m_GameObject: {fileID: 1155530803}
  m_Material: {fileID: 0}
  m_IsTrigger: 0
  m_Enabled: 1
  serializedVersion: 2
  m_Radius: 0.5
  m_Center: {x: 0, y: 0, z: 0}
--- !u!33 &1155530807
MeshFilter:
  m_ObjectHideFlags: 0
  m_PrefabParentObject: {fileID: 33736040794150394, guid: 88c20de6c1dc0f04abeaffaac0a9a6cf,
    type: 2}
  m_PrefabInternal: {fileID: 1980884457}
  m_GameObject: {fileID: 1155530803}
  m_Mesh: {fileID: 10207, guid: 0000000000000000e000000000000000, type: 0}
--- !u!1 &1276237324
GameObject:
  m_ObjectHideFlags: 0
  m_PrefabParentObject: {fileID: 1480376389656750, guid: 88c20de6c1dc0f04abeaffaac0a9a6cf,
    type: 2}
  m_PrefabInternal: {fileID: 1980884457}
  serializedVersion: 5
  m_Component:
  - component: {fileID: 1276237325}
  - component: {fileID: 1276237328}
  - component: {fileID: 1276237327}
  - component: {fileID: 1276237326}
  m_Layer: 0
  m_Name: Plane
  m_TagString: Untagged
  m_Icon: {fileID: 0}
  m_NavMeshLayer: 0
  m_StaticEditorFlags: 4294967295
  m_IsActive: 1
--- !u!4 &1276237325
Transform:
  m_ObjectHideFlags: 0
  m_PrefabParentObject: {fileID: 4966989887771852, guid: 88c20de6c1dc0f04abeaffaac0a9a6cf,
    type: 2}
  m_PrefabInternal: {fileID: 1980884457}
  m_GameObject: {fileID: 1276237324}
  m_LocalRotation: {x: -0, y: -0, z: -0, w: 1}
  m_LocalPosition: {x: 0, y: 0, z: 0}
  m_LocalScale: {x: 1, y: 1, z: 1}
  m_Children: []
  m_Father: {fileID: 709083611}
  m_RootOrder: 5
  m_LocalEulerAnglesHint: {x: 0, y: 0, z: 0}
--- !u!23 &1276237326
MeshRenderer:
  m_ObjectHideFlags: 0
  m_PrefabParentObject: {fileID: 23470101336099490, guid: 88c20de6c1dc0f04abeaffaac0a9a6cf,
    type: 2}
  m_PrefabInternal: {fileID: 1980884457}
  m_GameObject: {fileID: 1276237324}
  m_Enabled: 1
  m_CastShadows: 1
  m_ReceiveShadows: 1
  m_DynamicOccludee: 1
  m_MotionVectors: 1
  m_LightProbeUsage: 1
  m_ReflectionProbeUsage: 3
  m_RenderingLayerMask: 4294967295
  m_Materials:
  - {fileID: 2100000, guid: db3bceb128d32144ca6fd4550ac256bc, type: 2}
  m_StaticBatchInfo:
    firstSubMesh: 0
    subMeshCount: 0
  m_StaticBatchRoot: {fileID: 0}
  m_ProbeAnchor: {fileID: 0}
  m_LightProbeVolumeOverride: {fileID: 0}
  m_ScaleInLightmap: 1
  m_PreserveUVs: 1
  m_IgnoreNormalsForChartDetection: 0
  m_ImportantGI: 0
  m_StitchLightmapSeams: 0
  m_SelectedEditorRenderState: 3
  m_MinimumChartSize: 4
  m_AutoUVMaxDistance: 0.5
  m_AutoUVMaxAngle: 89
  m_LightmapParameters: {fileID: 0}
  m_SortingLayerID: 0
  m_SortingLayer: 0
  m_SortingOrder: 0
--- !u!64 &1276237327
MeshCollider:
  m_ObjectHideFlags: 0
  m_PrefabParentObject: {fileID: 64592609569433778, guid: 88c20de6c1dc0f04abeaffaac0a9a6cf,
    type: 2}
  m_PrefabInternal: {fileID: 1980884457}
  m_GameObject: {fileID: 1276237324}
  m_Material: {fileID: 0}
  m_IsTrigger: 0
  m_Enabled: 1
  serializedVersion: 3
  m_Convex: 0
  m_CookingOptions: 14
  m_SkinWidth: 0.01
  m_Mesh: {fileID: 10209, guid: 0000000000000000e000000000000000, type: 0}
--- !u!33 &1276237328
MeshFilter:
  m_ObjectHideFlags: 0
  m_PrefabParentObject: {fileID: 33306647192945968, guid: 88c20de6c1dc0f04abeaffaac0a9a6cf,
    type: 2}
  m_PrefabInternal: {fileID: 1980884457}
  m_GameObject: {fileID: 1276237324}
  m_Mesh: {fileID: 10209, guid: 0000000000000000e000000000000000, type: 0}
--- !u!1 &1289683204
GameObject:
  m_ObjectHideFlags: 0
  m_PrefabParentObject: {fileID: 1620181905657374, guid: 88c20de6c1dc0f04abeaffaac0a9a6cf,
    type: 2}
  m_PrefabInternal: {fileID: 1980884457}
  serializedVersion: 5
  m_Component:
  - component: {fileID: 1289683205}
  - component: {fileID: 1289683208}
  - component: {fileID: 1289683207}
  - component: {fileID: 1289683206}
  m_Layer: 12
  m_Name: Sphere 2/10
  m_TagString: Untagged
  m_Icon: {fileID: 0}
  m_NavMeshLayer: 0
  m_StaticEditorFlags: 4294967295
  m_IsActive: 1
--- !u!4 &1289683205
Transform:
  m_ObjectHideFlags: 0
  m_PrefabParentObject: {fileID: 4334560254728742, guid: 88c20de6c1dc0f04abeaffaac0a9a6cf,
    type: 2}
  m_PrefabInternal: {fileID: 1980884457}
  m_GameObject: {fileID: 1289683204}
  m_LocalRotation: {x: -0, y: -0, z: -0, w: 1}
  m_LocalPosition: {x: 0, y: 1.2, z: -3}
  m_LocalScale: {x: 1, y: 1, z: 1}
  m_Children:
  - {fileID: 784850338}
  m_Father: {fileID: 709083611}
  m_RootOrder: 4
  m_LocalEulerAnglesHint: {x: 0, y: 0, z: 0}
--- !u!23 &1289683206
MeshRenderer:
  m_ObjectHideFlags: 0
  m_PrefabParentObject: {fileID: 23670919240028110, guid: 88c20de6c1dc0f04abeaffaac0a9a6cf,
    type: 2}
  m_PrefabInternal: {fileID: 1980884457}
  m_GameObject: {fileID: 1289683204}
  m_Enabled: 1
  m_CastShadows: 1
  m_ReceiveShadows: 1
  m_DynamicOccludee: 1
  m_MotionVectors: 1
  m_LightProbeUsage: 1
  m_ReflectionProbeUsage: 2
  m_RenderingLayerMask: 4294967295
  m_Materials:
  - {fileID: 2100000, guid: db3bceb128d32144ca6fd4550ac256bc, type: 2}
  m_StaticBatchInfo:
    firstSubMesh: 0
    subMeshCount: 0
  m_StaticBatchRoot: {fileID: 0}
  m_ProbeAnchor: {fileID: 0}
  m_LightProbeVolumeOverride: {fileID: 0}
  m_ScaleInLightmap: 1
  m_PreserveUVs: 1
  m_IgnoreNormalsForChartDetection: 0
  m_ImportantGI: 0
  m_StitchLightmapSeams: 0
  m_SelectedEditorRenderState: 3
  m_MinimumChartSize: 4
  m_AutoUVMaxDistance: 0.5
  m_AutoUVMaxAngle: 89
  m_LightmapParameters: {fileID: 0}
  m_SortingLayerID: 0
  m_SortingLayer: 0
  m_SortingOrder: 0
--- !u!135 &1289683207
SphereCollider:
  m_ObjectHideFlags: 0
  m_PrefabParentObject: {fileID: 135437102159556278, guid: 88c20de6c1dc0f04abeaffaac0a9a6cf,
    type: 2}
  m_PrefabInternal: {fileID: 1980884457}
  m_GameObject: {fileID: 1289683204}
  m_Material: {fileID: 0}
  m_IsTrigger: 0
  m_Enabled: 1
  serializedVersion: 2
  m_Radius: 0.5
  m_Center: {x: 0, y: 0, z: 0}
--- !u!33 &1289683208
MeshFilter:
  m_ObjectHideFlags: 0
  m_PrefabParentObject: {fileID: 33143664628153274, guid: 88c20de6c1dc0f04abeaffaac0a9a6cf,
    type: 2}
  m_PrefabInternal: {fileID: 1980884457}
  m_GameObject: {fileID: 1289683204}
  m_Mesh: {fileID: 10207, guid: 0000000000000000e000000000000000, type: 0}
--- !u!1 &1414669535
GameObject:
  m_ObjectHideFlags: 0
  m_PrefabParentObject: {fileID: 1207948963076162, guid: 88c20de6c1dc0f04abeaffaac0a9a6cf,
    type: 2}
  m_PrefabInternal: {fileID: 1980884457}
  serializedVersion: 5
  m_Component:
  - component: {fileID: 1414669536}
  - component: {fileID: 1414669537}
  m_Layer: 0
  m_Name: Reflection Probe
  m_TagString: Untagged
  m_Icon: {fileID: 0}
  m_NavMeshLayer: 0
  m_StaticEditorFlags: 0
  m_IsActive: 1
--- !u!4 &1414669536
Transform:
  m_ObjectHideFlags: 0
  m_PrefabParentObject: {fileID: 4432484994539112, guid: 88c20de6c1dc0f04abeaffaac0a9a6cf,
    type: 2}
  m_PrefabInternal: {fileID: 1980884457}
  m_GameObject: {fileID: 1414669535}
  m_LocalRotation: {x: -0, y: -0, z: -0, w: 1}
  m_LocalPosition: {x: 0, y: 0.06317496, z: 0.0071258545}
  m_LocalScale: {x: 1, y: 1, z: 1}
  m_Children: []
  m_Father: {fileID: 1155530804}
  m_RootOrder: 0
  m_LocalEulerAnglesHint: {x: 0, y: 0, z: 0}
--- !u!215 &1414669537
ReflectionProbe:
  m_ObjectHideFlags: 0
  m_PrefabParentObject: {fileID: 215996755178748940, guid: 88c20de6c1dc0f04abeaffaac0a9a6cf,
    type: 2}
  m_PrefabInternal: {fileID: 1980884457}
  m_GameObject: {fileID: 1414669535}
  m_Enabled: 1
  serializedVersion: 2
  m_Type: 0
  m_Mode: 1
  m_RefreshMode: 0
  m_TimeSlicingMode: 0
  m_Resolution: 512
  m_UpdateFrequency: 0
  m_BoxSize: {x: 2.1821249, y: 2.8331733, z: 1.9228041}
  m_BoxOffset: {x: -0.06899154, y: 0.07383835, z: -0.20782173}
  m_NearClip: 0.3
  m_FarClip: 1000
  m_ShadowDistance: 100
  m_ClearFlags: 1
  m_BackGroundColor: {r: 0.19215687, g: 0.3019608, b: 0.4745098, a: 0}
  m_CullingMask:
    serializedVersion: 2
    m_Bits: 4294966271
  m_IntensityMultiplier: 1
  m_BlendDistance: 1
  m_HDR: 1
  m_BoxProjection: 0
  m_RenderDynamicObjects: 1
  m_UseOcclusionCulling: 1
  m_Importance: 1
  m_CustomBakedTexture: {fileID: 0}
--- !u!1 &1856477333
GameObject:
  m_ObjectHideFlags: 0
  m_PrefabParentObject: {fileID: 1228426782513836, guid: 88c20de6c1dc0f04abeaffaac0a9a6cf,
    type: 2}
  m_PrefabInternal: {fileID: 1980884457}
  serializedVersion: 5
  m_Component:
  - component: {fileID: 1856477334}
  - component: {fileID: 1856477337}
  - component: {fileID: 1856477336}
  - component: {fileID: 1856477335}
  m_Layer: 8
  m_Name: Cube
  m_TagString: Untagged
  m_Icon: {fileID: 0}
  m_NavMeshLayer: 0
  m_StaticEditorFlags: 4294967295
  m_IsActive: 1
--- !u!4 &1856477334
Transform:
  m_ObjectHideFlags: 0
  m_PrefabParentObject: {fileID: 4137155754746954, guid: 88c20de6c1dc0f04abeaffaac0a9a6cf,
    type: 2}
  m_PrefabInternal: {fileID: 1980884457}
  m_GameObject: {fileID: 1856477333}
  m_LocalRotation: {x: -0, y: -0, z: -0, w: 1}
  m_LocalPosition: {x: 0, y: -0.70000005, z: 0}
  m_LocalScale: {x: 1, y: 1, z: 1}
  m_Children: []
  m_Father: {fileID: 2051627620}
  m_RootOrder: 1
  m_LocalEulerAnglesHint: {x: 0, y: 0, z: 0}
--- !u!23 &1856477335
MeshRenderer:
  m_ObjectHideFlags: 0
  m_PrefabParentObject: {fileID: 23589372559137094, guid: 88c20de6c1dc0f04abeaffaac0a9a6cf,
    type: 2}
  m_PrefabInternal: {fileID: 1980884457}
  m_GameObject: {fileID: 1856477333}
  m_Enabled: 1
  m_CastShadows: 1
  m_ReceiveShadows: 1
  m_DynamicOccludee: 1
  m_MotionVectors: 1
  m_LightProbeUsage: 1
  m_ReflectionProbeUsage: 2
  m_RenderingLayerMask: 4294967295
  m_Materials:
  - {fileID: 2100000, guid: 1b27a20a436b4c64b882a6f739bf91de, type: 2}
  m_StaticBatchInfo:
    firstSubMesh: 0
    subMeshCount: 0
  m_StaticBatchRoot: {fileID: 0}
  m_ProbeAnchor: {fileID: 0}
  m_LightProbeVolumeOverride: {fileID: 0}
  m_ScaleInLightmap: 1
  m_PreserveUVs: 1
  m_IgnoreNormalsForChartDetection: 0
  m_ImportantGI: 0
  m_StitchLightmapSeams: 0
  m_SelectedEditorRenderState: 3
  m_MinimumChartSize: 4
  m_AutoUVMaxDistance: 0.5
  m_AutoUVMaxAngle: 89
  m_LightmapParameters: {fileID: 0}
  m_SortingLayerID: 0
  m_SortingLayer: 0
  m_SortingOrder: 0
--- !u!65 &1856477336
BoxCollider:
  m_ObjectHideFlags: 0
  m_PrefabParentObject: {fileID: 65163136216855282, guid: 88c20de6c1dc0f04abeaffaac0a9a6cf,
    type: 2}
  m_PrefabInternal: {fileID: 1980884457}
  m_GameObject: {fileID: 1856477333}
  m_Material: {fileID: 0}
  m_IsTrigger: 0
  m_Enabled: 1
  serializedVersion: 2
  m_Size: {x: 1, y: 1, z: 1}
  m_Center: {x: 0, y: 0, z: 0}
--- !u!33 &1856477337
MeshFilter:
  m_ObjectHideFlags: 0
  m_PrefabParentObject: {fileID: 33456869383265282, guid: 88c20de6c1dc0f04abeaffaac0a9a6cf,
    type: 2}
  m_PrefabInternal: {fileID: 1980884457}
  m_GameObject: {fileID: 1856477333}
  m_Mesh: {fileID: 10202, guid: 0000000000000000e000000000000000, type: 0}
--- !u!1 &1874018715
GameObject:
  m_ObjectHideFlags: 0
  m_PrefabParentObject: {fileID: 1646325129500086, guid: 88c20de6c1dc0f04abeaffaac0a9a6cf,
    type: 2}
  m_PrefabInternal: {fileID: 1980884457}
  serializedVersion: 5
  m_Component:
  - component: {fileID: 1874018716}
  - component: {fileID: 1874018719}
  - component: {fileID: 1874018718}
  - component: {fileID: 1874018717}
  m_Layer: 9
  m_Name: Cube
  m_TagString: Untagged
  m_Icon: {fileID: 0}
  m_NavMeshLayer: 0
  m_StaticEditorFlags: 4294967295
  m_IsActive: 1
--- !u!4 &1874018716
Transform:
  m_ObjectHideFlags: 0
  m_PrefabParentObject: {fileID: 4585164413535350, guid: 88c20de6c1dc0f04abeaffaac0a9a6cf,
    type: 2}
  m_PrefabInternal: {fileID: 1980884457}
  m_GameObject: {fileID: 1874018715}
  m_LocalRotation: {x: -0, y: -0, z: -0, w: 1}
  m_LocalPosition: {x: 0, y: -0.70000005, z: 0}
  m_LocalScale: {x: 1, y: 1, z: 1}
  m_Children: []
  m_Father: {fileID: 713225327}
  m_RootOrder: 0
  m_LocalEulerAnglesHint: {x: 0, y: 0, z: 0}
--- !u!23 &1874018717
MeshRenderer:
  m_ObjectHideFlags: 0
  m_PrefabParentObject: {fileID: 23372505803334854, guid: 88c20de6c1dc0f04abeaffaac0a9a6cf,
    type: 2}
  m_PrefabInternal: {fileID: 1980884457}
  m_GameObject: {fileID: 1874018715}
  m_Enabled: 1
  m_CastShadows: 1
  m_ReceiveShadows: 1
  m_DynamicOccludee: 1
  m_MotionVectors: 1
  m_LightProbeUsage: 1
  m_ReflectionProbeUsage: 2
  m_RenderingLayerMask: 4294967295
  m_Materials:
  - {fileID: 2100000, guid: abcc3c67b7d0a794f8bb91be4e85abdd, type: 2}
  m_StaticBatchInfo:
    firstSubMesh: 0
    subMeshCount: 0
  m_StaticBatchRoot: {fileID: 0}
  m_ProbeAnchor: {fileID: 0}
  m_LightProbeVolumeOverride: {fileID: 0}
  m_ScaleInLightmap: 1
  m_PreserveUVs: 1
  m_IgnoreNormalsForChartDetection: 0
  m_ImportantGI: 0
  m_StitchLightmapSeams: 0
  m_SelectedEditorRenderState: 3
  m_MinimumChartSize: 4
  m_AutoUVMaxDistance: 0.5
  m_AutoUVMaxAngle: 89
  m_LightmapParameters: {fileID: 0}
  m_SortingLayerID: 0
  m_SortingLayer: 0
  m_SortingOrder: 0
--- !u!65 &1874018718
BoxCollider:
  m_ObjectHideFlags: 0
  m_PrefabParentObject: {fileID: 65485205355047570, guid: 88c20de6c1dc0f04abeaffaac0a9a6cf,
    type: 2}
  m_PrefabInternal: {fileID: 1980884457}
  m_GameObject: {fileID: 1874018715}
  m_Material: {fileID: 0}
  m_IsTrigger: 0
  m_Enabled: 1
  serializedVersion: 2
  m_Size: {x: 1, y: 1, z: 1}
  m_Center: {x: 0, y: 0, z: 0}
--- !u!33 &1874018719
MeshFilter:
  m_ObjectHideFlags: 0
  m_PrefabParentObject: {fileID: 33235840402209806, guid: 88c20de6c1dc0f04abeaffaac0a9a6cf,
    type: 2}
  m_PrefabInternal: {fileID: 1980884457}
  m_GameObject: {fileID: 1874018715}
  m_Mesh: {fileID: 10202, guid: 0000000000000000e000000000000000, type: 0}
--- !u!1001 &1980884457
Prefab:
  m_ObjectHideFlags: 0
  serializedVersion: 2
  m_Modification:
    m_TransformParent: {fileID: 0}
    m_Modifications:
    - target: {fileID: 4934344442018756, guid: 88c20de6c1dc0f04abeaffaac0a9a6cf, type: 2}
      propertyPath: m_LocalPosition.x
      value: 0
      objectReference: {fileID: 0}
    - target: {fileID: 4934344442018756, guid: 88c20de6c1dc0f04abeaffaac0a9a6cf, type: 2}
      propertyPath: m_LocalPosition.y
      value: 0
      objectReference: {fileID: 0}
    - target: {fileID: 4934344442018756, guid: 88c20de6c1dc0f04abeaffaac0a9a6cf, type: 2}
      propertyPath: m_LocalPosition.z
      value: 0
      objectReference: {fileID: 0}
    - target: {fileID: 4934344442018756, guid: 88c20de6c1dc0f04abeaffaac0a9a6cf, type: 2}
      propertyPath: m_LocalRotation.x
      value: 0
      objectReference: {fileID: 0}
    - target: {fileID: 4934344442018756, guid: 88c20de6c1dc0f04abeaffaac0a9a6cf, type: 2}
      propertyPath: m_LocalRotation.y
      value: 0
      objectReference: {fileID: 0}
    - target: {fileID: 4934344442018756, guid: 88c20de6c1dc0f04abeaffaac0a9a6cf, type: 2}
      propertyPath: m_LocalRotation.z
      value: 0
      objectReference: {fileID: 0}
    - target: {fileID: 4934344442018756, guid: 88c20de6c1dc0f04abeaffaac0a9a6cf, type: 2}
      propertyPath: m_LocalRotation.w
      value: 1
      objectReference: {fileID: 0}
    - target: {fileID: 4934344442018756, guid: 88c20de6c1dc0f04abeaffaac0a9a6cf, type: 2}
      propertyPath: m_RootOrder
      value: 1
      objectReference: {fileID: 0}
    - target: {fileID: 1858630756550008, guid: 88c20de6c1dc0f04abeaffaac0a9a6cf, type: 2}
      propertyPath: m_IsActive
      value: 0
      objectReference: {fileID: 0}
    - target: {fileID: 215772291181534534, guid: 88c20de6c1dc0f04abeaffaac0a9a6cf,
        type: 2}
      propertyPath: m_Enabled
      value: 0
      objectReference: {fileID: 0}
    - target: {fileID: 1207948963076162, guid: 88c20de6c1dc0f04abeaffaac0a9a6cf, type: 2}
      propertyPath: m_IsActive
      value: 1
      objectReference: {fileID: 0}
    - target: {fileID: 1653700269310046, guid: 88c20de6c1dc0f04abeaffaac0a9a6cf, type: 2}
      propertyPath: m_IsActive
      value: 1
      objectReference: {fileID: 0}
    - target: {fileID: 1425739068514518, guid: 88c20de6c1dc0f04abeaffaac0a9a6cf, type: 2}
      propertyPath: m_IsActive
      value: 1
      objectReference: {fileID: 0}
    - target: {fileID: 1034026176227000, guid: 88c20de6c1dc0f04abeaffaac0a9a6cf, type: 2}
      propertyPath: m_IsActive
      value: 1
      objectReference: {fileID: 0}
    m_RemovedComponents: []
  m_ParentPrefab: {fileID: 100100000, guid: 88c20de6c1dc0f04abeaffaac0a9a6cf, type: 2}
  m_RootGameObject: {fileID: 709083610}
  m_IsPrefabParent: 0
--- !u!1 &2024162388
GameObject:
  m_ObjectHideFlags: 0
  m_PrefabParentObject: {fileID: 1842634361512016, guid: 88c20de6c1dc0f04abeaffaac0a9a6cf,
    type: 2}
  m_PrefabInternal: {fileID: 1980884457}
  serializedVersion: 5
  m_Component:
  - component: {fileID: 2024162389}
  - component: {fileID: 2024162392}
  - component: {fileID: 2024162391}
  - component: {fileID: 2024162390}
  m_Layer: 11
  m_Name: Cube
  m_TagString: Untagged
  m_Icon: {fileID: 0}
  m_NavMeshLayer: 0
  m_StaticEditorFlags: 4294967295
  m_IsActive: 1
--- !u!4 &2024162389
Transform:
  m_ObjectHideFlags: 0
  m_PrefabParentObject: {fileID: 4938538743279590, guid: 88c20de6c1dc0f04abeaffaac0a9a6cf,
    type: 2}
  m_PrefabInternal: {fileID: 1980884457}
  m_GameObject: {fileID: 2024162388}
  m_LocalRotation: {x: -0, y: -0, z: -0, w: 1}
  m_LocalPosition: {x: 0, y: -0.70000005, z: 0}
  m_LocalScale: {x: 1, y: 1, z: 1}
  m_Children: []
  m_Father: {fileID: 721401047}
  m_RootOrder: 1
  m_LocalEulerAnglesHint: {x: 0, y: 0, z: 0}
--- !u!23 &2024162390
MeshRenderer:
  m_ObjectHideFlags: 0
  m_PrefabParentObject: {fileID: 23931689888316860, guid: 88c20de6c1dc0f04abeaffaac0a9a6cf,
    type: 2}
  m_PrefabInternal: {fileID: 1980884457}
  m_GameObject: {fileID: 2024162388}
  m_Enabled: 1
  m_CastShadows: 1
  m_ReceiveShadows: 1
  m_DynamicOccludee: 1
  m_MotionVectors: 1
  m_LightProbeUsage: 1
  m_ReflectionProbeUsage: 1
  m_RenderingLayerMask: 4294967295
  m_Materials:
  - {fileID: 2100000, guid: eb10b6f571322b443bec8c532c088270, type: 2}
  m_StaticBatchInfo:
    firstSubMesh: 0
    subMeshCount: 0
  m_StaticBatchRoot: {fileID: 0}
  m_ProbeAnchor: {fileID: 0}
  m_LightProbeVolumeOverride: {fileID: 0}
  m_ScaleInLightmap: 1
  m_PreserveUVs: 1
  m_IgnoreNormalsForChartDetection: 0
  m_ImportantGI: 0
  m_StitchLightmapSeams: 0
  m_SelectedEditorRenderState: 3
  m_MinimumChartSize: 4
  m_AutoUVMaxDistance: 0.5
  m_AutoUVMaxAngle: 89
  m_LightmapParameters: {fileID: 0}
  m_SortingLayerID: 0
  m_SortingLayer: 0
  m_SortingOrder: 0
--- !u!65 &2024162391
BoxCollider:
  m_ObjectHideFlags: 0
  m_PrefabParentObject: {fileID: 65918768619148394, guid: 88c20de6c1dc0f04abeaffaac0a9a6cf,
    type: 2}
  m_PrefabInternal: {fileID: 1980884457}
  m_GameObject: {fileID: 2024162388}
  m_Material: {fileID: 0}
  m_IsTrigger: 0
  m_Enabled: 1
  serializedVersion: 2
  m_Size: {x: 1, y: 1, z: 1}
  m_Center: {x: 0, y: 0, z: 0}
--- !u!33 &2024162392
MeshFilter:
  m_ObjectHideFlags: 0
  m_PrefabParentObject: {fileID: 33203118931350252, guid: 88c20de6c1dc0f04abeaffaac0a9a6cf,
    type: 2}
  m_PrefabInternal: {fileID: 1980884457}
  m_GameObject: {fileID: 2024162388}
  m_Mesh: {fileID: 10202, guid: 0000000000000000e000000000000000, type: 0}
--- !u!1 &2051627619
GameObject:
  m_ObjectHideFlags: 0
  m_PrefabParentObject: {fileID: 1139115104988334, guid: 88c20de6c1dc0f04abeaffaac0a9a6cf,
    type: 2}
  m_PrefabInternal: {fileID: 1980884457}
  serializedVersion: 5
  m_Component:
  - component: {fileID: 2051627620}
  - component: {fileID: 2051627623}
  - component: {fileID: 2051627622}
  - component: {fileID: 2051627621}
  m_Layer: 8
  m_Name: Sphere
  m_TagString: Untagged
  m_Icon: {fileID: 0}
  m_NavMeshLayer: 0
  m_StaticEditorFlags: 4294967295
  m_IsActive: 1
--- !u!4 &2051627620
Transform:
  m_ObjectHideFlags: 0
  m_PrefabParentObject: {fileID: 4138420152205064, guid: 88c20de6c1dc0f04abeaffaac0a9a6cf,
    type: 2}
  m_PrefabInternal: {fileID: 1980884457}
  m_GameObject: {fileID: 2051627619}
  m_LocalRotation: {x: -0, y: -0, z: -0, w: 1}
  m_LocalPosition: {x: 0, y: 1.2, z: 0}
  m_LocalScale: {x: 1, y: 1, z: 1}
  m_Children:
  - {fileID: 260275602}
  - {fileID: 1856477334}
  m_Father: {fileID: 709083611}
  m_RootOrder: 0
  m_LocalEulerAnglesHint: {x: 0, y: 0, z: 0}
--- !u!23 &2051627621
MeshRenderer:
  m_ObjectHideFlags: 0
  m_PrefabParentObject: {fileID: 23511426113429424, guid: 88c20de6c1dc0f04abeaffaac0a9a6cf,
    type: 2}
  m_PrefabInternal: {fileID: 1980884457}
  m_GameObject: {fileID: 2051627619}
  m_Enabled: 1
  m_CastShadows: 1
  m_ReceiveShadows: 1
  m_DynamicOccludee: 1
  m_MotionVectors: 1
  m_LightProbeUsage: 1
  m_ReflectionProbeUsage: 1
  m_RenderingLayerMask: 4294967295
  m_Materials:
  - {fileID: 2100000, guid: 1b27a20a436b4c64b882a6f739bf91de, type: 2}
  m_StaticBatchInfo:
    firstSubMesh: 0
    subMeshCount: 0
  m_StaticBatchRoot: {fileID: 0}
  m_ProbeAnchor: {fileID: 0}
  m_LightProbeVolumeOverride: {fileID: 0}
  m_ScaleInLightmap: 1
  m_PreserveUVs: 1
  m_IgnoreNormalsForChartDetection: 0
  m_ImportantGI: 0
  m_StitchLightmapSeams: 0
  m_SelectedEditorRenderState: 3
  m_MinimumChartSize: 4
  m_AutoUVMaxDistance: 0.5
  m_AutoUVMaxAngle: 89
  m_LightmapParameters: {fileID: 0}
  m_SortingLayerID: 0
  m_SortingLayer: 0
  m_SortingOrder: 0
--- !u!135 &2051627622
SphereCollider:
  m_ObjectHideFlags: 0
  m_PrefabParentObject: {fileID: 135546264044914442, guid: 88c20de6c1dc0f04abeaffaac0a9a6cf,
    type: 2}
  m_PrefabInternal: {fileID: 1980884457}
  m_GameObject: {fileID: 2051627619}
  m_Material: {fileID: 0}
  m_IsTrigger: 0
  m_Enabled: 1
  serializedVersion: 2
  m_Radius: 0.5
  m_Center: {x: 0, y: 0, z: 0}
--- !u!33 &2051627623
MeshFilter:
  m_ObjectHideFlags: 0
  m_PrefabParentObject: {fileID: 33105653230305072, guid: 88c20de6c1dc0f04abeaffaac0a9a6cf,
    type: 2}
  m_PrefabInternal: {fileID: 1980884457}
  m_GameObject: {fileID: 2051627619}
  m_Mesh: {fileID: 10207, guid: 0000000000000000e000000000000000, type: 0}
